 
@misc{dasl,
	author={DASL Project},
	title={The data and Stories Library},
	url={http://lib.stat.cmu.edu/DASL},
	note={accessed on line 2015}
	}

@article{dalgaard,
	author={Daalgaard, P},
	title={Introductory Statistics with R }, 
	editor={Springer}
	}

@article{snedecor,
	author={Snedecor, W and Cochran, William G},
	title={Statistical Methods},
	editor={Iowa State University Press; 8 edition},
	year= {1989}
	}

@article{10.2307/2333419,
 ISSN = {00063444},
 URL = {http://www.jstor.org/stable/2333419},
 author = {F. N. David},
 journal = {Biometrika},
 number = {1/2},
 pages = {1-15},
 publisher = {[Oxford University Press, Biometrika Trust]},
 title = {Studies in the History of Probability and Statistics I. Dicing and Gaming (A Note on the History of Probability)},
 volume = {42},
 year = {1955}
}


@book{murrell,
author={Murrell, P}, 
title= { R graphics},
editor={Chapman\& Hall/CRC}
}
 

 	